<?xml version="1.0" encoding="UTF-8"?><collection xmlns="http://www.loc.gov/MARC21/slim"><record><leader>00497nam--2200181-i-4500</leader><controlfield tag="001">000032026</controlfield><controlfield tag="002">20161230</controlfield><controlfield tag="005">20161230201039</controlfield><controlfield tag="008">060222s1000------------r-----000-0-fre-d</controlfield><datafield ind1=" " ind2=" " tag="040"><subfield code="a">IFIN-HH</subfield></datafield><datafield ind1=" " ind2=" " tag="041"><subfield code="a">fre</subfield></datafield><datafield ind1=" " ind2=" " tag="080"><subfield code="a">52:524.35(043)</subfield></datafield><datafield ind1="1" ind2=" " tag="100"><subfield code="a">Malakpur, Iradj</subfield></datafield><datafield ind1="1" ind2="0" tag="245"><subfield code="a">Etude des problemes physiques des novae, application a la nova delphini 1967</subfield><subfield code="b">These</subfield><subfield code="c">Iradj malakpur</subfield></datafield><datafield ind1=" " ind2=" " tag="260"><subfield code="a">Paris</subfield><subfield code="b">Universite</subfield><subfield code="c">1974</subfield></datafield><datafield ind1=" " ind2=" " tag="300"><subfield code="a">50P</subfield></datafield><datafield ind1=" " ind2=" " tag="852"><subfield code="a">49713</subfield><subfield code="c">523</subfield></datafield><datafield ind1=" " ind2=" " tag="CAT"><subfield code="a">Sys</subfield><subfield code="c">20141204</subfield><subfield code="h">150331</subfield></datafield></record></collection>